<?xml version='1.0' encoding='utf-8'?>
<record xmlns="http://www.loc.gov/MARC21/slim" xmlns:xsi="http://www.w3.org/2001/XMLSchema-instance">
  <leader>^^^^^nkm^a2200265^a^4500</leader>
  <controlfield tag="001">003898555</controlfield>
  <controlfield tag="005">20040511000000.0</controlfield>
  <controlfield tag="006">m^^^^^^^^c^^^^^^^^</controlfield>
  <controlfield tag="007">ki^mu-</controlfield>
  <controlfield tag="008">040510m200uuuuuxx^nnn^^^^^^^^s^^^ineng^d</controlfield>
  <datafield tag="035" ind1=" " ind2=" ">
    <subfield code="a">(OCoLC)ocm55102599</subfield>
  </datafield>
  <datafield tag="040" ind1=" " ind2=" ">
    <subfield code="a">BEU</subfield>
    <subfield code="c">BEU</subfield>
  </datafield>
  <datafield tag="245" ind1="0" ind2="0">
    <subfield code="a">Tecumseh the CD</subfield>
    <subfield code="h">[electronic reseource].</subfield>
  </datafield>
  <datafield tag="260" ind1=" " ind2=" ">
    <subfield code="a">[S.l. :</subfield>
    <subfield code="b">s.n.,</subfield>
    <subfield code="c">200-?]-</subfield>
  </datafield>
  <datafield tag="300" ind1=" " ind2=" ">
    <subfield code="a">CD-ROMs :</subfield>
    <subfield code="b">col. ;</subfield>
    <subfield code="c">4 3/4 in.</subfield>
  </datafield>
  <datafield tag="538" ind1=" " ind2=" ">
    <subfield code="a">System requirements: Windows 98, CD-ROM drive, Adobe Acrobat Reader 6.0, Photodex Photo Viewer (included).</subfield>
  </datafield>
  <datafield tag="500" ind1=" " ind2=" ">
    <subfield code="a">Title from disc label.</subfield>
  </datafield>
  <datafield tag="500" ind1=" " ind2=" ">
    <subfield code="a">Compiled by Phil Hendershot.</subfield>
  </datafield>
  <datafield tag="520" ind1=" " ind2=" ">
    <subfield code="a">Photos, advertisements, maps, and text relating to the history of Tecumseh, Mich.</subfield>
  </datafield>
  <datafield tag="651" ind1=" " ind2="0">
    <subfield code="a">Tecumseh (Mich.)</subfield>
    <subfield code="x">History</subfield>
    <subfield code="v">Pictorial works.</subfield>
  </datafield>
  <datafield tag="700" ind1="1" ind2=" ">
    <subfield code="a">Hendershot, Phil.</subfield>
  </datafield>
  <datafield tag="852" ind1="8" ind2=" ">
    <subfield code="a">MiU-H</subfield>
    <subfield code="b">BENT</subfield>
    <subfield code="h">0463 Aa 2</subfield>
  </datafield>
  <datafield tag="998" ind1=" " ind2=" ">
    <subfield code="c">LAC</subfield>
  </datafield>
  <datafield tag="955" ind1=" " ind2=" ">
    <subfield code="b">BENT</subfield>
    <subfield code="p">B1659784</subfield>
  </datafield>
</record>
